@book{munzner_visualization_2014,
	title = {Visualization {Analysis} and {Design}},
	isbn = {978-1-4665-0891-0},
	publisher = {CRC Press, Taylor \& Francis Group},
	author = {Munzner, Tamara},
	year = {2014},
	keywords = {Information Visualization}
}

@article{2019_bioinformatics_ordino,
  title = {Ordino: visual analysis tool for ranking and exploring genes, cell lines, and tissue samples},
  author = {Marc Streit and Samuel Gratzl and Holger Stitz and Andreas Wernitznig and Thomas Zichner and Christian Haslinger},
  journal = {Bioinformatics},
  publisher = {Oxford University Press},
  doi = {10.1093/bioinformatics/btz009},
  volume = {35},
  number = {17},
  pages = {3140-3142},
  year = {2019}
}